
 $ mis referencias $
 
@misc{A28,
  author       = {V Vera},
  title        = {Eolicat},
  year         = {2012},
  howpublished = {url {https://dspace.ups.edu.ec/bitstream/123456789/1875/4/03%20Analisis%20de%20armonicos%20y%20fp.pdf }}
}

@book{A29,
  author    = {Ned Mohan},
  title     = {Electric drives},
  publisher = {MNPERE},
  year      = {2003}
}

@ARTICLE{A30,
  author={},
  journal={IEEE Std 1459-2010 (Revision of IEEE Std 1459-2000) - Redline}, 
  title={IEEE Standard Definitions for the Measurement of Electric Power Quantities Under Sinusoidal, Nonsinusoidal, Balanced, or Unbalanced Conditions - Redline}, 
  year={2010},
  volume={},
  number={},
  pages={1-52},
  doi={10.1109/IEEESTD.2010.5953405}}

@misc{A31,
  author       = {IBM Research},
  title        = {Software development},
  year         = {2019},
  howpublished = {url{ https://www.ibm.com/topics/software-development}}
}

@misc{A32,
  author       = {Margaret Rouse},
  title        = {object-oriented programming (OOP)},
  year         = {2020},
  howpublished = {url{ https://searchapparchitecture.techtarget.com/definition/object-oriented-programming-OOP}}
}

@misc{A33,
  author       = {Christensson, P.},
  title        = {Web Development},
  year         = {2013},
  howpublished = {url{ https://techterms.com}}
}

@misc{A34,
  author       = {pjbevel@gmail.com},
  title        = {the fourier trabsform},
  year         = {2010},
  howpublished = {http://www.thefouriertransform.com}
}

@article{A35,
  author  = {José García Fernández},
  title   = {EL TEOREMA DE  MUESTREO  Y SUS  APLICACIONES},
  journal = {UNIVERSIDAD DE SEVILLA},
  year    = {2010}
}

@article{A36,
  author  = {Schmidt, Ana Lucía},
  title   = {FFT: Transformada Rápida de Fourier},
  journal = {Universidad Nacional del Sur, Avda. Alem 1253, Argentina},
  year    = {2013}
}

@article{A37,
  author  = {Alex Rodriguez},
  title   = {RESTful Wev services: The basics},
  journal = {IBM developeWorks},
  year    = {2008}
}

@book{A38,
  author    = {David Hanes, Gonzalo Salgueiro},
  title     = {IoT Fundamentals: NEtworking Technologies, Protocols, and Use Cases for he Internet of Things},
  publisher = {CISCO},
  year      = {2017}
}
 
 @article{A39,
  author  = {Raspberry Pi},
  title   = {DATASHEET Raspberry Pi 4 Model B},
  journal = {Raspberry Pi},
  year    = {2019}
}

@misc{A40,
  author       = {Mike McCauley},
  title        = {C library for Broadcom BCM 2835 as used in Raspberry Pi},
  year         = {2020},
  howpublished = {https://www.airspayce.com/mikem/bcm2835/}
}
@misc{A41,
  author       = {Kevin Carrillo, German Sanchez},
  title        = {Rasberry pi con ADE 7978},
  year         = {2020},
  howpublished = {https://github.com/kevinfcc26/C-ADE7978}
}
@inproceedings{A42,
  author    = {M. {Youhannaei} and M. E. {Honarmand} and S. {Ouni} and R. {Mehri} and H. {Mokhtari} and J. {Talebi}},
  booktitle = {22nd International Conference and Exhibition on Electricity Distribution (CIRED 2013)},
  title     = {Performance evaluation of energy meters in nonsinusoidal environment based on IEEE 1459 standard},
  year      = {2013},
  volume    = {},
  number    = {},
  pages     = {1-4},
  doi       = {10.1049/cp.2013.0688}
}

@inproceedings{A43,
  author    = {A. J. {Berrisford}},
  booktitle = {2018 IEEE International Instrumentation and Measurement Technology Conference (I2MTC)},
  title     = {The harmonic impact project — IEEE-1459 power definitions trialed in revenue meters},
  year      = {2018},
  volume    = {},
  number    = {},
  pages     = {1-5},
  doi       = {10.1109/I2MTC.2018.8409542}
}

@ARTICLE{A44,
  author={ICONTEC - Instituto Colombiano de Normas Técnicas},
  journal={ICONTEC - Instituto Colombiano de Normas Técnicas}, 
  title={ELECTROTECNIA. TENSIONES Y FRECUENCIAS NOMINALES EN SISTEMAS DE ENERGÍA ELÉCTRICA EN REDES DE SERVICIO PÚBLICO}, 
  year={2013},
  volume={3},
  number={},
  pages={1-5},
  doi={10.1109/IEEESTD.2010.5953405}}

  @ARTICLE{A45,
  author={},
  journal={IEEE Std 519-2014 (Revision of IEEE Std 519-1992)}, 
  title={IEEE Recommended Practice and Requirements for Harmonic Control in Electric Power Systems}, 
  year={2014},
  volume={},
  number={},
  pages={1-29},
  doi={10.1109/IEEESTD.2014.6826459}}

@misc{A46,
  author       = {Texas Instruments},
  title        = {EVM430-F6779 - 3 Phase Electronic Watt-Hour EVM for Metering},
  year         = {},
  howpublished = {url{ https://www.ti.com/tool/EVM430-F6779}}
}
@misc{A47,
  author       = {Analog Devices},
  title        = {EVAL-ADE7978},
  year         = {},
  howpublished = {url{ https://www.analog.com/en/design-center/evaluation-hardware-and-software/evaluation-boards-kits/eval-ade7978.html}}
}
@misc{A48,
  author       = {Teridian Smart Grid solutions},
  title        = {78M6631 Evaluation Board User Manual},
  year         = {},
  howpublished = {url{ https://pdfserv.maximintegrated.com/en/an/AN5263.pdf}}
}
@ARTICLE{A49,
  author={Analog Devices},
  journal={Analog Devices}, 
  title={EVAL-ADE7978EBZ User Guide UG-572}, 
  year={2013},
  volume={1},
  number={},
  pages={1-20},
  doi={}}
@ARTICLE{A50,
  author={Analog Devices},
  journal={Analog Devices}, 
  title={Isolated Energy Metering Chipset for Polyphase Shunt Meters}, 
  year={2013},
  volume={1},
  number={},
  pages={1-125},
  doi={}}
  @misc{A51,
  author       = {OpenJS Fundation},
  title        = {Node JS},
  year         = {},
  howpublished = {url{ https://nodejs.org/es/}}
}
  @misc{A52,
  author       = {Kevin Carrillo, German Sanchez},
  title        = {Medidor de enerigía trifasico},
  year         = {},
  howpublished = {url{ https://ade7978.herokuapp.com/}}
}
  @misc{A53,
  author       = {Edwin Forero, Carlos Torres, Diego Tibaduiza},
  title        = {Energy Efficiency Analysis in Static Converters using IEEE 1459},
  year         = {2014},
  howpublished = {url{ http://prec.pr/symposium/2014/pdfs/feb20-pm/Forero-Torres-Tibaduiza.pdf}}
}
  
  @misc{A54,
  author       = {RED LATINOAMERICANA DE ENERGÍA SOSTENIBLE-ENERSOS -
  UNIVERSIDAD SANTO TOMAS -
  UNIVERSIDAD EL BOSQUE -
  ACAIRE -
  ICONTEC -
  UNIVERSIDAD DEL VALLE -
  CAPÍTULO ASHRAE COLOMBIA},
  title        = {CONGRESO DE DESARROLLO SOSTENIBLE},
  year         = {2020},
  howpublished = {url{ http://prec.pr/symposium/2014/pdfs/feb20-pm/Forero-Torres-Tibaduiza.pdf}}
}

@misc{A55,
  author       = {SMART ENERGY INTERNATIONAL},
  title        = {The history of the electricity meter},
  year         = {2016},
  howpublished = {url{ https://www.smart-energy.com/features-analysis/the-history-of-the-electricity-meter/}}
}
@misc{A56,
  author       = {RYMEL},
  title        = {MONOFÁSICO BIFILAR -1F2H},
  howpublished = {url{ http://www.rymel.com.co/index.php/medidores-de-energia-tipo-electronico/monofasico-bifilar-1f2h}}
}
@misc{A57,
  author       = {RYMEL},
  title        = {MONOFÁSICO TRIFILAR - 1F3H},
  howpublished = {url{ http://www.rymel.com.co/index.php/medidores-de-energia-tipo-electronico/monofasico-trifilar-1f3h}}
}
@misc{A58,
  author       = {RYMEL},
  title        = {TRIFÁSICO TETRAFILAR - 3F4H-LCD},
  howpublished = {url{ http://www.rymel.com.co/index.php/medidores-de-energia-tipo-electronico/trifasico-tetrafilar-3f4h}}
}
@misc{A59,
  author       = {RYMEL},
  title        = {BIFÁSICO TRIFILAR - 2F3H-LCD},
  howpublished = {url{ http://www.rymel.com.co/index.php/medidores-de-energia-tipo-electronico/trifasico-tetrafilar-2f3h-lcd}}
}
@misc{A60,
  author       = {Iskra MIS},
  title        = {Iskra MIS - gama de productos},
  howpublished = {url{ https://www.nalelectricos.com.co/archivos//ISKRA.pdf}}
}
@misc{A61,
  author       = {ILC},
  title        = {ILCFolletoFinal},
  year         = {2016},
  howpublished = {url{ http://www.skaiteksamerica.com/eng/catalogue2016.pdf}}
}
@misc{A62,
  author       = {CIDET Certificacion},
  title        = {CERTIFICADO DE CONFORMIDAD DE PRODUCTO},
  howpublished = {url{ https://electroservimos.co/Certificados/Retie/Medidores\_energia\_activa\_Clase\_1\_Inelca.pdf}}
 
}
@misc{A63,
  author       = {SENSUS},
  title        = {Aclara I-210+c™ Electricity Meter},
  howpublished = {url{ https://sensus.com/products/aclara-i-210c/}}
}
@misc{A64,
  author       = {SMART METERS},
  title        = {Technical Information},
  howpublished = {url{ https://www.smartme.co.uk/technical.html}}
}